3442 5292
950 575 958 609 i

667 677 960 759 Uictoriam?-

330 930 332 937 ,
688 849 958 925 GENUSXV·

367 982 1030 1124 ,urcaoturrn
1083 988 1195 1093 sen.
1273 983 1278 992 ·

454 1151 531 1243 (Ob
557 1154 727 1224 Scutellas
753 1140 945 1223 urceolatas
971 1149 1021 1221 sic
1045 1147 1163 1245 dida).

396 1285 722 1372 Verrucariae
748 1285 784 1354 a
808 1286 1107 1357 Patellariae
1132 1289 1228 1384 Spes.

729 1387 889 1456 Horror.
1277 1390 1281 1404 '

515 1552 1111 1628 CharacterNaturalis.

287 1668 444 1757 Arotrr.
495 1690 649 1759 'Scutella
675 1688 749 1756 sive
775 1680 951 1758 Hateiiulo
983 1709 1105 1763 crustae
1129 1692 1331 1769 substantia·

541 1791 599 1863 vel
625 1787 748 1858 areolis
775 1789 934 1883 ejusdem
954 1785 990 1858 Sc
1009 1792 1165 1865 verrucis
1184 1790 1330 1869 immer-

542 1913 596 1972 sa,
623 1889 818 1972 urceolam,
845 1888 941 1958 varie
966 1892 1132 1963 colorata.
1166 1945 1168 1957 .
1215 1916 1225 1929 ”
1419 1883 1422 1895 ’

538 2004 673 2074 Discus
688 2027 880 2097 concavus,
902 2003 1011 2075 rarius
1026 2031 1091 2102 per
1104 2022 1239 2080 aetatem
1252 2011 1331 2104 pla.

540 2102 740 2188 niusculus,
766 2126 832 2173 nec
858 2128 965 2197 supra
984 2125 1137 2179 crustam
1162 2109 1329 2182 elevatus.
1406 2120 1417 2137 ”

537 2221 664 2312 Margo
694 2226 859 2315 proprius
893 2244 984 2319 sape
1018 2224 1080 2296 vix
1104 2223 1331 2314 manifestus,

539 2319 638 2390 disco
658 2323 844 2406 consolor3
871 2328 1089 2396 accessorius
1114 2350 1179 2419 per
1192 2341 1330 2398 aetatem

1204 2450 1225 2496 a
1248 2449 1331 2498 cm-

286 2539 1333 2571 η--ι--ι--ι--υ--ι-μ-ι-ι--ιι-ι-ιιι-

329 2609 586 2672 Uncroaaura
620 2605 935 2669 interLecideas
965 2609 997 2672 dc
1017 2607 1331 2674 Parmeltastcve·
1427 2658 1433 2673 .

288 2711 355 2758 nus
378 2688 472 2772 quasi
493 2687 833 2763 mediumconstituit,
855 2703 966 2752 tamen
985 2691 1257 2772 distinguendum
1267 2691 1329 2756 Di-

290 2796 348 2849 sco
371 2772 621 2853 apotheciorum
643 2771 712 2833 fere
735 2791 865 2852 semper
888 2793 1034 2836 concavo
1056 2776 1158 2858 inque
1178 2777 1329 2838 substan·
1397 2770 1401 2781 '

289 2859 336 2922 tia
363 2855 652 2926 thalliimmerso,
685 2853 872 2936 horumque
905 2856 1050 2938 margine
1080 2856 1258 2938 saepissime
1295 2857 1331 2924 80

238 2996 240 3001 .
286 2943 420 3025 proprio
440 2938 474 3001 Sc
496 2939 680 3002 accessorio.
721 2937 841 3018 Margo
863 2938 951 2999 enim
975 2939 1242 3004 accessorius
1262 2960 1330 3005 ve·

288 3043 359 3088 rus
382 3023 418 3084 in
437 3020 593 3086 Lecideis
605 3039 782 3099 numquam
799 3023 1001 3095 observatur,
1023 3023 1057 3086 Sc
1078 3039 1215 3101 margo
1239 3043 1330 3105 pro·

290 3106 406 3188 prius
439 3105 475 3166 in
503 3101 672 3164 Parmeliis
705 3104 916 3177 desideratur.
967 3106 1053 3168 Tam
1091 3106 1127 3169 in
1156 3106 1328 3171 Parmeliis

289 3210 391 3272 quam
417 3186 574 3251 Lecideis
606 3183 777 3265 apothecis
804 3187 1023 3266 superficialia.
1045 3194 1124 3252 sunt
1149 3189 1183 3252 Sc
1211 3204 1330 3253 eorum

286 3271 455 3356 margines
468 3269 572 3332 liberi.
584 3268 726 3347 Duplice
738 3268 797 3330 hac
808 3270 936 3333 'satione
949 3271 1103 3334 differunt
1114 3271 1328 3347 Urceolariae,
1360 3285 1364 3297 ’

287 3376 367 3420 nam
389 3354 471 3416 situs
493 3349 742 3432 apotheciorum
765 3354 904 3414 omnino
929 3354 1010 3422 alius
1032 3374 1144 3438 neque
1163 3354 1329 3437 margines

287 3453 408 3502 eorum
430 3456 583 3519 umquam
598 3434 700 3495 liberi.
724 3431 925 3514 Apotheciis
945 3437 1098 3500 concavis
1118 3447 1216 3520 atque
1229 3439 1329 3503 etiam

287 3520 454 3585 immersis
464 3519 610 3599 gaudent
620 3518 768 3599 quadarn
786 3519 911 3597 species
924 3520 1083 3583 Peltideae
1094 3521 1328 3591 &Parmeliaec

289 3605 350 3667 sed
363 3613 420 3666 aut
433 3624 502 3664 non
515 3602 694 3679 marginata
706 3609 783 3661 sunt
794 3601 907 3662 isthaec
918 3601 1101 3683 apothecis,
1114 3611 1170 3666 aut
1181 3624 1240 3685 per
1256 3611 1330 3667 aeta·

288 3695 359 3750 tem
377 3696 546 3749 mutantur
562 3684 596 3746 dt
613 3702 765 3743 convexa
781 3685 945 3754 evadunt3
966 3695 1077 3749 tamen
1096 3709 1167 3749 non
1186 3686 1327 3752 diffiten-

288 3773 372 3834 dum
391 3772 481 3854 quod
502 3778 551 3830 sat
572 3778 762 3829 constanter
788 3766 942 3845 depressa
969 3769 1005 3831 in
1037 3769 1232 3851 quibusdam
1251 3771 1328 3832 Par·

288 3852 398 3916 meliis
419 3860 606 3924 occurrant,
634 3849 691 3911 sed
720 3858 831 3928 margo
854 3851 1003 3930 proprius
1025 3851 1061 3915 in
1084 3850 1136 3914 his
1159 3851 1215 3916 vix
1236 3853 1327 3922 dete·

289 3937 430 4015 gendus.
473 3935 651 4019 Exemplo
666 3930 733 3993 sint
752 3932 919 3996 Pcrmclio
944 3937 1046 4018 crispo
1067 3956 1134 3998 var.
1145 3938 1327 4016 granatam,

290 4021 416 4092 limoso,
439 4035 552 4087 tenax,
565 4017 758 4080 -Pcttidca
778 4032 905 4077 sacroru
928 4017 1167 4100 dcc-Margo
1182 4037 1328 4081 accesso·

247 4155 251 4163 .
288 4101 356 4165 rius
378 4102 415 4164 in
434 4099 632 4165 Urceolariis
661 4098 731 4240 {ere
753 4114 884 4177 semper
905 4100 1033 4182 spurius
1055 4108 1107 4164 est
1130 4108 1169 4163 ut
1197 4102 1233 4163 in
1248 4101 1327 4181 ¹qui·

288 4185 426 4247 busdam
446 4183 620 4252 Lecideis;
642 4203 662 4243 o
706 4178 887 4261 marginem
907 4182 1166 4265 propriumvnon
1185 4203 1255 4246 raro
1277 4202 1327 4244 sa.

285 4265 329 4334 tis
350 4265 563 4338 evidentem,
586 4262 830 4347 quamplurimae
850 4264 1046 4329 Urceolariae
1067 4265 1194 4346 species
1216 4263 1327 4346 propi·

287 4369 362 4415 ores
381 4359 462 4415 sunt
481 4348 636 4418 Lecideis
659 4365 755 4427 quam
775 4345 962 4422 Parmeliis‚
991 4348 1137 4432 ideoque
1157 4367 1274 4417 eorum
1293 4365 1326 4409 a·

286 4431 444 4516 pothecia
464 4452 558 4518 eque
576 4429 744 4501 Patellulae
766 4428 831 4492 dici
850 4441 1000 4515 possent.
