3442 5292
574 651 803 723 Paruum.
852 652 1058 777 [richario.
1276 666 1345 742 υς

383 817 673 901 provenientibus.
716 815 1019 899 Vulgabssimaest
1038 815 1092 881 illa
1111 815 1180 899 jam
1201 809 1356 888 ,comme-x

382 912 525 975 morata,
556 921 629 982 quae
649 903 763 965 lorulis
785 902 949 984 elongatis
979 901 1117 977 cinereis
1149 903 1183 966 tt
1204 903 1307 982 nigris
1326 923 1348 968 ο

382 987 481 1048 tarnis
501 987 653 1046 arborum
675 986 711 1047 in
733 984 834 1064 sylvis
857 983 1000 1067 antiquis
1024 986 1195 1066 dependit.
1228 989 1346 1071 Magis

383 1069 608 1148 discrepantes
629 1078 708 1131 sunt
729 1077 925 1149 sequentes,
956 1087 1037 1150 quas
1062 1071 1150 1131 inter
1181 1070 1267 1134 forte
1298 1081 1345 1134 et·

383 1153 449 1215 iam
475 1152 699 1214 numerandus
720 1161 810 1214 esset
829 1153 949 1214 Lichan
962 1151 1070 1234 filaris
1091 1151 1190 1218 Lich.
1213 1154 1269 1218 Sv.
1291 1154 1347 1218 Pt‘.

382 1255 416 1316 p.
432 1252 502 1302 221.
525 1237 576 1308 tL.
592 1237 713 1296 albidus
734 1235 913 1297 Seniani
930 1235 981 1296 Fr.
1000 1233 1082 1318 Bar.
1096 1238 1243 1312 Graan),
1265 1237 1346 1300 thal·

383 1321 419 1381 lo
444 1318 518 1381 laevi
541 1320 633 1379 nudo
653 1319 864 1381 filamentoso
887 1318 961 1379 albo
984 1320 1198 1394 s'ubramoso‚
1233 1321 1346 1384 lorulis

361 1397 363 1400 ’
385 1401 589 1484 longissimis
611 1399 832 1480 complicatus
860 1401 918 1462 sed
946 1420 1048 1482 quum
1070 1403 1142 1481 ipse
1164 1425 1233 1467 non
1256 1405 1347 1466 vide-

386 1485 465 1557 rim,
497 1486 540 1546 de
571 1488 641 1559 ejus
661 1485 738 1546 loco
766 1481 829 1547 tto.
863 1482 947 1573 nilril
966 1485 1046 1547 certi
1068 1487 1176 1551 dicere
1198 1508 1345 1568 possurn.

388 1605 441 1704 β.
468 1606 505 1678 Ρ.
532 1607 731 1698 capillatis:
756 1601 881 1674 torulis
907 1604 1074 1696 pendulis
1100 1606 1346 1678 ramosissimis

396 1703 413 1760 ἶ
447 1705 649 1777 divaricatis
670 1701 837 1798 implexis
856 1703 1055 1774 tenerrimis
1074 1707 1346 1792 lutescentibus¹

318 1803 324 1809 ’
452 1804 568 1878 axillis
588 1804 884 1902 subcompressisi
912 1804 1064 1875 scutellis
1092 1807 1203 1880 dilute
1229 1806 1345 1881 fuscis.

455 1925 572 1998 Usnea
596 1923 803 1996 ramulosa?
828 1923 988 1992 HOFFM.
1010 1925 1062 1994 Fl.
1076 1926 1199 2000 Germ.
1213 1951 1248 2019 P·
1268 1950 1345 2024 135.

451 2038 599 2115 Habitat
624 2038 670 2108 ad
694 2061 811 2110 ramos
830 2035 1009 2108 ,arborum
1034 2042 1295 2135 sylvaticarum.

426 2148 500 2213 Obs.
542 2151 660 2219 Minus
681 2152 783 2230 longe
808 2150 1023 2229 dependit&
1046 2155 1151 2216 laxior
1169 2169 1220 2219 est
1245 2181 1346 2242 quom

423 2234 636 2300 antecedens.
679 2233 804 2298 Axillae
827 2234 884 2297 vix
902 2255 1096 2314 compressae
1119 2239 1151 2303 ic
1173 2241 1276 2306 ldrula
1296 2257 1345 2313 te·

425 2316 544 2380 nuiora
560 2315 734 2401 capillaria.
780 2318 883 2378 Color
900 2321 965 2387 jam
989 2320 1156 2383 lutescens
1182 2329 1247 2394 jorn
1268 2332 1346 2392 sub.

422 2399 605 2468 bchraceus
633 2400 821 2470 &cinereo
834 2437 845 2450 ·
858 2400 1051 2467 flavescens.
1097 2405 1234 2474 Soredia
1257 2413 1347 2477 nulla

350 2520 352 2527 ›
423 2484 656 2562 pulverulenta
680 2484 715 2549 in
738 2485 797 2545 hac
819 2483 899 2575 vidi.
1426 2485 1431 2494 '

403 2578 442 2682 p.
468 2587 690 2681 P.impleqca:
717 2584 840 2661 lorulis
849 2586 1034 2754 prostratis
1049 2586 1246 2664 divaricatis
1268 2592 1347 2671 loti.

452 2686 506 2786 gis
536 2684 823 2777 simpliciusculis
865 2687 1247 2785 usco-nigricantibus.

456 2804 573 2881 Usnea
599 2805 751 2904 implexo
777 2805 939 2873 Horrn.
963 2803 1016 2874 Fl.
1041 2803 1085 2874 G.
1112 2830 1147 2898 p.
1180 2833 1260 2900 ¹34·

452 2923 599 2994 Habitat
628 2921 667 3000 in
697 2922 787 2995 saxis
820 2920 857 2999 tc
887 2922 1019 3000 truncis
1052 2925 1233 3001 arborum.

404 3031 438 3125 δ.
480 3039 519 3110 Ρ.
551 3039 849 3135 chalybeiformis:
893 3037 1017 3113 torulis
1047 3039 1345 3128 decumbentibus

452 3138 676 3211 brevioribus
714 3163 805 3236 vage
840 3137 987 3210 ramosis
1020 3138 1145 3235 rigidis
1178 3144 1343 3224 flexuosis

451 3236 641 3334 implicatis
660 3237 825 3308 tortuosis
851 3238 1096 3336 nigro-piceis.

452 3355 874 3532 Licslrerquclralybetformis
895 3355 996 3434 Lich.
1009 3356 1065 3428 Pr.
1079 3382 1115 3450 p.
1133 3382 1213 3435 teo,
1228 3362 1345 3440 eru.

532 3511 541 3530 .
606 3472 651 3530 at.

452 3574 702 3654 Icon.D1tt.
729 3571 820 3642 Hist.
845 3571 960 3645 Musc.
986 3574 1032 3644 T.
1065 3601 1078 3647 r
1085 3601 1119 3667 3.
1146 3580 1171 3657 f.
1202 3604 1256 3653 ro.
1293 3583 1347 3660 Fl.

502 3677 602 3748 Dan.
640 3674 686 3747 T.
717 3674 798 3747 262.

452 3794 601 3873 Habitat
627 3795 672 3870 ad
699 3815 826 3864 asseres
852 3787 890 3869 80
915 3793 1110 3888 sepimenta
1134 3798 1264 3898 lignea.

425 3906 499 3975 obs.
542 3911 586 3976 In
596 3911 640 3973 P.
655 3911 793 3992 implexa
812 3906 845 3970 8(
857 3908 1093 3996 chalybeiformi
1115 3916 1264 3982 Scutellae
1276 3942 1346 3985 nou

427 3997 627 4066 observatae,
644 3995 702 4056 sed
721 3990 856 4055 Soredia
876 3993 948 4053 alba
970 3997 1201 4075 pulverulenta
1224 4020 1265 4067 eo
1284 4004 1344 4063 l're-

426 4079 612 4158 quentinra.
672 4075 733 4140 Ad
763 4071 856 4136 basin
888 4077 992 4138 lorula
1024 4081 1067 4141 P.
1097 4081 1349 4163 chalyberfformis

427 4180 514 4242 aaepe
535 4161 641 4223 multo
663 4157 818 4223 crassiora
837 4159 917 4221 satis
935 4160 1052 4240 rigida,
1076 4167 1296 4247 subaugutosa
1313 4173 1347 4237 tt

427 4253 586 4307 tortuosa.
647 4243 715 4306 Cir.
738 4261 811 4330 quae
842 4240 886 4303 tle
907 4245 1060 4322 presenti
1083 4248 1192 4324 specie
1216 4250 1249 4312 it
1270 4250 1346 4329 ‘ejus

425 4325 640 4398 varietatibus
667 4326 772 4397 solide
800 4324 993 4396 observavit
1021 4327 1053 4398 it
1078 4329 1233 4476 dimergit
1260 4333 1345 4398 Clas.

1203 4431 1344 4488 enan.
