3442 5292
752 634 792 739 t<
843 640 971 736 esst
1077 592 1080 596 ’

353 852 357 859 ’
431 868 475 913 ne
495 846 628 912 Acharii
650 846 836 912 Lichenum
859 866 962 932 vagus
981 859 1031 908 eat
1051 846 1293 924 et'erroneus.)
1310 846 1378 909 Non

431 954 499 1014 uisi
521 954 703 1016 humidum
725 953 907 1013 examinari
931 964 1048 1033 potasti
1067 950 1122 1012 W·
1303 1032 1306 1037 Ι

475 1054 612 1117 Thallus
629 1053 832 1116 rnsdefactus
846 1051 996 1135 magidor
1010 1053 1250 1116 strovirescenr
1265 1051 1321 1130 (ad
1331 1054 1376 1113 in·

362 1168 365 1175 '
431 1170 496 1220 star
526 1152 742 1233 Collematis).
785 1154 906 1217 Lobuli
940 1169 981 1233 ut
1008 1155 1202 1238 plurimum
1245 1156 1375 1219 coniecti

431 1258 613 1335 imbricati,
636 1256 801 1323 thelamiie
827 1258 881 1321 vel
907 1258 1042 1321 inclusis
1067 1271 1104 1321 et
1131 1261 1171 1320 in
1193 1262 1313 1345 pagina
1329 1258 1375 1320 ui.

430 1360 550 1445 periuri
571 1359 729 1420 lobor'um
741 1360 860 1423 ostiolo
882 1360 1061 1434 hiantibus,
1079 1358 1133 1433 vel
1155 1362 1273 1436 edam,
1295 1360 1375 1442 quod

429 1457 737 1548 hequmtissimum
758 1472 815 1537 eet,
835 1480 932 1545 supra
953 1462 1096 1527 thallum
1116 1464 1264 1526 elevatis.
1281 1462 1338 1526 ·A.

471 1566 644 1627 character
655 1564 835 1626 essentialia
848 1562 902 1625 vel
922 1565 1032 1647 potius
1052 1566 1262 1648 Sciagraphia
1277 1564 1374 1627 Gene-

426 1670 472 1731 ris
502 1667 725 1731 Verrucariar
752 1679 800 1733 et,
819 1664 1042 1746 Ειιᾶοιανμί,
1085 1685 1191 1749 quem
1220 1669 1260 1729 in
1294 1666 1374 1733 con.

424 1783 538 1854 spectu
566 1769 739 1831 Generum
765 1768 916 1830 Methodi
942 1787 1037 1830 meae
1064 1768 1260 1831 Lichenum
1291 1788 1373 1853 prae·

426 1873 525 1935 vium
552 1871 643 1947 dedi,
670 1888 784 1933 autam
811 1869 898 1933 forte
917 1868 1068 1952 praebuit
1084 1870 1132 1933 Cl.
1153 1864 1372 1933 Wolrlerrber.

424 1977 483 2056 gio
505 1990 583 2039 suae
604 1973 798 2037 assertionis.
841 1971 887 2033 At
907 1991 980 2035 vero
1000 1973 1028 2031 si
1048 1971 1169 2049 fatear,
1200 1992 1287 2035 eum
1306 1991 1371 2035 om·

425 2080 525 2141 nibus
544 2076 695 2143 nocuerit
716 2088 787 2137 uon
807 2076 853 2137 ita
872 2092 938 2161 esee
958 2073 1171 2169 absolutum,
1198 2077 1287 2165 quin
1306 2095 1370 2137 me·

424 2181 489 2243 lior
511 2181 654 2241 fortassis
675 2192 721 2262 et
737 2178 987 2261 convenientior
1012 2194 1079 2241 esee
1106 2180 1284 2258 potuerit,
1323 2180 1370 2239 sd·

354 2308 365 2341 ·.
421 2282 632 2343 sciscendum
649 2292 761 2347 tamen
777 2280 908 2356 ¹censui,
923 2280 1028 2343 donec
1047 2279 1288 2361 perfectiorem
1307 2282 1370 2345 red·

423 2382 542 2446 diderit
562 2380 721 2447 aliusvel
741 2380 811 2462 ipsa
830 2366 973 2463 proferre
993 2380 1132 2443 valeam.

470 2480 728 2555 characteribus
769 2502 927 2547 aneorum
947 2483 1115 2547 Generum
1147 2483 1368 2562 naturalibus,

347 2614 350 2629 ·
420 2588 603 2670 unicuique
618 2604 736 2649 eorum
755 2586 792 2677 in
818 2584 891 2679 ipso
918 2585 1044 2649 Libello
1072 2578 1246 2667 praefixis,
1289 2609 1309 2650 a
1331 2589 1366 2651 D.

342 2674 347 2681 ’
420 2688 652 2767 Walrlanberg
673 2686 838 2751 necdum
860 2688 960 2766 visis,
980 2686 1068 2769 quod
1087 2688 1229 2753 deficere
1251 2690 1366 2753 videre·

287 2796 290 2804 '
389 2807 474 2856 tur
504 2812 561 2858 me
596 2793 822 2874 aliquantum.
838 2791 1032 2873 mpplevisse
1072 2795 1277 2872 putaverim.
1334 2792 1363 2854 Si

417 2895 498 2980 quid
518 2894 569 2955 his
590 2894 797 2955 absolutioris
819 2893 996 2975 quisquam
1013 2894 1123 2956 cirtem
1151 2908 1249 2959 tenet
1274 2911 1306 2958 et
1330 2898 1361 2958 in

337 3060 348 3069 ,,
406 2988 570 3082 Ιιῃαεᾱίἰιιιι
596 2994 690 3059 edere
712 2994 913 3071 collibuerit,
944 2994 987 3057 ob
1014 2995 1183 3077 ejusmodi
1214 2999 1360 3062 emenda·

335 3174 345 3187 Ρ
414 3098 545 3181 tionem
566 3098 705 3181 gratiam
727 3096 758 3156 ei
785 3096 912 3187 habebo
934 3099 1132 3175 maximam,
1157 3118 1302 3165 omnem
1320 3102 1358 3161 al.

411 3214 488 3263 mae
512 3202 593 3261 huic
615 3190 767 3264 scientiae
788 3200 900 3263 lucem
923 3198 1109 3283 adspersam
1137 3208 1261 3288 magni
1281 3223 1358 3267 aem·

410 3306 470 3386 per
491 3302 653 3377 facturus,
676 3302 717 3362 de
735 3319 812 3363 vero
835 3300 904 3379 eius
922 3302 1128 3365 incremento
1152 3309 1356 3370 emolumen-

409 3416 511 3487 toque
533 3426 634 3488 quam
658 3404 788 3486 propria
809 3403 952 3485 quadam
971 3404 1068 3466 laude
1085 3406 1274 3471 sollicitior.
1304 3409 1356 3469 Ve-

407 3524 484 3566 rum
510 3521 621 3569 tamen
644 3526 688 3569 ne
709 3505 832 3571 indicta
862 3524 993 3588 prorsus
1026 3524 1123 3569 causa
1145 3510 1353 3583 waldemar,

407 3619 440 3669 et
468 3628 513 3669 ne
529 3611 725 3693 quidquam
738 3674 740 3679 ,
755 3608 795 3669 ad
807 3680 809 3684 Ι
823 3608 947 3669 horum
970 3607 1142 3675 Generum
1170 3612 1353 3677 illustratio·

327 3748 329 3757 ι
405 3726 487 3770 nem
518 3713 703 3775 conducens
731 3711 949 3774 intermittere
978 3710 1104 3789 videar,
1149 3732 1284 3775 necesse
1303 3723 1353 3783 eat,

338 3816 340 3821 '
403 3824 442 3873 ut
466 3812 707 3877 observationes
725 3812 1072 3896 quasdamulterlores
1092 3812 1267 3891 adferam,
1286 3834 1352 3898 pro·

327 3916 330 3921 '
401 3913 474 3999 prio
501 3932 579 3977 meo
606 3888 717 3975 ficato
752 3927 785 3974 et
808 3914 1041 3996 qualicumque
1063 3917 1268 3995 experientia
1288 3934 1351 3998 per·

337 4024 340 4035 '
402 4027 516 4096 ceptae.
547 4044 587 4063 ι-
630 4013 800 4100 Quoniam
821 4016 943 4081 dautur
963 4014 1089 4097 Species
1117 4017 1350 4091 Verrucarice,

400 4134 542 4197 quarum
571 4116 738 4197 apothecis
769 4117 826 4180 vix
843 4136 942 4203 supra
963 4116 1105 4179 thallum
1125 4120 1348 4199 prominentia

397 4232 492 4289 eunt;
515 4210 667 4279 necnon
691 4216 919 4301 Εηάοσανμσ,
949 4236 1094 4303 quorum
1117 4220 1278 4284 thalamis
1297 4239 1347 4280 au·

396 4335 453 4401 pra
472 4314 616 4380 thallum
636 4315 822 4401 elevantur,
851 4332 949 4407 atque
969 4318 1072 4389 etiam
1092 4320 1291 4399 elabuntur,
1311 4338 1345 4381 et
