3442 5292
723 642 764 741 i(
816 668 862 731 ιι
910 645 946 743 )(

320 859 339 909 .;
406 802 741 935 hoe-apotheeiorum
761 846 890 911 diverso
909 848 1026 911 habitu
1046 862 1078 911 et
1096 849 1251 913 mutabili
1274 852 1356 927 situ,

329 980 344 1005 -’
405 970 523 1023 notam
545 953 725 1037 quamdam
750 950 985 1028 maeotidem
1001 952 1118 1014 haecce
1141 944 1259 1035 genera
1279 972 1353 1013 orn.
1428 954 1434 962 '
1485 974 1488 983 =

406 1059 489 1120 nino
510 1071 543 1119 et
563 1057 674 1118 solum
691 1054 970 1137 distinguentem,
1000 1052 1089 1115 baud
1110 1053 1240 1114 desumi
1252 1052 1354 1135 ¹posse

406 1179 477 1222 non
499 1158 635 1241 quidem
653 1157 711 1217 ibe
732 1154 872 1228 initian
902 1167 1104 1219 temen-non
1122 1168 1260 1236 prorsus.
1277 1154 1354 1231 reji-

341 1294 343 1299 ·
408 1262 560 1321 ciendam
580 1271 674 1341 puto,
696 1274 802 1341 qaum
823 1256 943 1339 paucae
962 1256 1157 1332 admodum,
1178 1263 1352 1318 erimine·

405 1365 488 1425 rosis
510 1362 713 1422 Verrucatiae
734 1358 913 1442 epeolebus,
935 1358 1111 1441 apotheeiis
1123 1358 1265 1418 omnino
1286 1360 1353 1419 im.

407 1465 524 1527 mersis
545 1464 707 1544 praeditae
728 1465 960 1534 observantur,
990 1472 1024 1525 et
1050 1462 1107 1521 vix
1128 1461 1277 1527 nisi-usn
1298 1459 1353 1523 rel

318 1606 323 1615 ·
408 1568 506 1629 altera
529 1565 656 1647 Species
681 1564 864 1645 Endoearpi
887 1556 1067 1642 apotheeiiu
1091 1580 1191 1644 supra·
1209 1562 1352 1629 tbillum

372 1704 374 1709 ·
407 1669 536 1730 elevatis
564 1671 721 1729 instructa
749 1664 855 1726 adhuc
875 1662 1070 1727 innotuerit.
1107 1664 1223 1727 Potius
1243 1666 1352 1725 erede·
1395 1714 1399 1719 .

319 1796 335 1827 .·
406 1788 479 1831 rem
501 1769 575 1837 ideo
597 1764 791 1829 servandam
818 1784 889 1829 esse
910 1769 1008 1829 ittam
1024 1779 1166 1841 motam,
1191 1768 1353 1849 quoniam

375 1894 377 1899 ·
407 1870 469 1931 hec
506 1872 669 1954 plurimae
697 1864 901 1929 Verruceriae
944 1883 977 1930 et
1005 1868 1199 1951 'Endooarpi¹
1225 1869 1350 1949 Species

318 1998 346 2031 ι..
373 1996 384 2017 ·-
407 1974 516 2054 primo
542 1973 668 2033 intuitu
695 1971 790 2033 facile
816 1970 980 2053 ¹distingui
999 1981 1153 2052 potsunt3
1178 1962 1285 2053 neque
1314 1972 1351 2032 in

328 2100 348 2135 t·
409 2077 479 2135 aliie
513 2073 694 2140 Genaunes
721 2075 853 2156 quaevis
882 2073 998 2133 leviter
1017 2072 1175 2133 aberrans
1192 2074 1352 2151 ‘partium
1445 2058 1448 2063 ¹

334 2202 337 2211 ·
408 2177 489 2237 ritus
517 2177 540 2236 1.
560 2188 724 2241 nruotura
747 2176 827 2237 adeo
856 2174 1045 2257 infrequens
1068 2158 1124 2237 es‘t.
1167 2172 1201 2235 st
1222 2175 1351 2237 'charac-

319 2330 321 2337 .
406 2278 469 2338 teri
490 2277 702 2339 Verrueteiae
727 2277 912 2342 adderemus
942 2276 1134 2339 ÷Tanercu1a
1162 2274 1353 2359 piei-umque

405 2396 502 2496 supra
522 2374 663 2440 thallum
683 2380 823 2454 elevate,
851 2390 886 2442 e't
911 2381 974 2441 isto
994 2379 1193 2459 Eudocarpi:
1233 2378 1352 2441 Thala·

331 2568 336 2581 ,
391 2506 393 2512 ·
407 2480 717 2565 miautplurimum
752 2482 839 2543 intra
856 2468 1089 2577 substantiam
1118 2481 1209 2551 tirelli
1237 2502 1352 2565 recon-

319 2598 347 2629 ·-
384 2582 493 2659 'dita,
520 2592 632 2649 totum
661 2562 862 2667 disceptandi
889 2566 1137 2669 argumentum
1151 2578 1354 2652 evanescet&

407 2698 440 2745 et
460 2684 540 2744 haec
560 2685 628 2766 ipae
647 2697 725 2745 nota
742 2683 993 2746 characteristica
1019 2702 1081 2745 nee
1109 2704 1222 2775 vaga
1220 2706 1282 2751 neo
1304 2708 1352 2749 er·

407 2804 507 2862 ronea
529 2783 622 2846 foret.
664 2784 726 2846 Seri
752 2797 876 2867 praeter
901 2784 988 2847 hano
1008 2783 1226 2847 differentiani
1248 2786 1354 2850 Gene-

320 2956 332 2967 „
407 2889 451 2951 tis
471 2887 674 2953 Veuuuriae
696 2899 729 2949 et
748 2885 949 2969 Endocetpi,
976 2903 1076 2969 quae,
1104 2899 1218 2969 utpote
1233 2888 1353 2953 minut

319 3068 338 3077 Η
408 3002 495 3066 tuta,
525 2989 610 3056 forte
637 2990 777 3052 etisma
805 2990 964 3073 quopiam
989 2988 1145 3079 libentius¹
1169 2990 1352 3061 excludere·

410 3105 475 3167 tur,
500 3090 736 3153 characteribus
755 3091 826 3155 aliis
844 3103 877 3153 et
892 3090 1074 3173 unicuique
1095 3092 1233 3173 propriis
1247 3074 1354 3173 probe
1407 3127 1410 3133 ·

320 3192 347 3207 ''
409 3193 660 3277 distinguuntur
678 3192 799 3263 iethltc
820 3190 954 3260 Genera.
1009 3190 1098 3254 Nam
1115 3192 1295 3275 Apothecia
1317 3195 1354 3256 in
1437 3168 1441 3189 ¹

357 3296 359 3301 ’
408 3290 604 3361 Vermcarlis
626 3290 828 3379 receptaculi
856 3292 936 3356 eunt
957 3288 1090 3377 propria
1121 3294 1202 3357 dura
1218 3290 1222 3297 “
1237 3298 1355 3379 cornea
1427 3296 1430 3303 ”

407 3384 735 3472 suberustacea'atm,
755 3407 883 3462 texture
909 3395 1052 3476 quadam
1079 3398 1223 3459 cellulari
1245 3400 1357 3462 neuti-

324 3538 340 3567 ,ι
410 3518 512 3584 quam
540 3497 658 3570 feroti,
684 3494 740 3561 ted
768 3494 956 3559 humectata
980 3495 1161 3559 substantia
1180 3492 1356 3585 subgeiiti·

339 3620 490 3671 enon
516 3599 646 3667 interne
672 3597 899 3681 utplurimum
924 3596 1045 3679 repleta
1077 3609 1111 3661 et
1142 3601 1225 3665 sicea
1259 3601 1356 3682 plane

379 3699 385 3712 '
407 3723 521 3779 vanu,
543 3719 651 3783 ιροηι
671 3699 776 3767 nudas
805 3698 921 3779 (saepe
942 3713 1181 3777 concatenatas,
1202 3720 1264 3765 neo
1285 3701 1356 3763 the

410 3807 456 3869 eis
475 3800 702 3897 involutae)
692 3820 729 3863 ιιι
753 3801 852 3867 tatere
875 3800 1023 3867 interiori
1043 3804 1258 3897 proferentia,
1283 3821 1355 3865 non

409 3922 481 3965 raro
511 3905 637 3989 integra
665 3900 844 3976 elabentis,
873 3910 970 3989 atque
992 3922 1072 3983 poro
1093 3906 1280 3991 saepissime
1300 3922 1355 3964 su·

410 4023 465 4086 pre
486 4018 611 4085 pertusa
630 4003 684 4068 vel
703 4004 856 4087 papillula
876 4001 997 4067 elevata
1019 4005 1185 4070 instructa.
1227 4006 1266 4071 In
1287 4004 1357 4067 En·

411 4104 557 4187 docarptr
593 4104 759 4197 apothecia
790 4122 936 4173 massam
969 4088 1145 4171 efformant
1177 4090 1357 4173 subreton·

343 4202 346 4211 “
411 4204 500 4283 dam,
543 4218 657 4284 totam,
700 4205 821 4269 velex
841 4207 986 4271 maxima
1014 4221 1115 4293 parte,
1157 4206 1243 4267 intra
1264 4204 1356 4269 thalli

412 4306 630 4374 substantiam
648 4308 845 4387 latitantem,
865 4318 992 4379 ustura
1009 4308 1153 4399 ιιιιιᾶιιιι
1175 4306 1319 4377 rennui
1333 4306 1355 4370 1.
